74800000         235558536000101                    00723 0000000690083 R E E DOIDAS POR SAPATILHAS EIBANCO SICREDI                           12608202021294000001108101600                                                                     
74800011R01  040 2035558536000101                    0072300000000690083 R E E DOIDAS POR SAPATILHAS EI                                                                                000000112608202000000000                                 
7480001300001P 010072300000000690083 202000038           11122ZZZ000000001   0509202000000000000109000000 03A220720201050920200000000000000110        000000000000000000000000000000000000000000000                         3001060090000000000 
7480001300002Q 011000034299859863RODRIGO DE OLIVEIRA TELECIO DA SILVA    RUA GASPAR SANCHES, 181                 RESIDENCIAL PAR18120000MAIRINQUE      SP0                                                       000                            
7480001300003P 010072300000000690083 202000089           11122ZZZ000000002   0609202000000000000124900000 03A220720201060920200000000000000120        000000000000000000000000000000000000000000000                         3001060090000000000 
7480001300004Q 011000034299859863RODRIGO DE OLIVEIRA TELECIO DA SILVA    RUA GASPAR SANCHES, 181                 RESIDENCIAL PAR18120000MAIRINQUE      SP0                                                       000                            
7480001300005P 010072300000000690083 202000046           11122ZZZ000000003   0109202000000000000079900000 03A220720201010920200000000000000080        000000000000000000000000000000000000000000000                         3001060090000000000 
7480001300006Q 011000034299859863RODRIGO DE OLIVEIRA TELECIO DA SILVA    RUA GASPAR SANCHES, 181                 RESIDENCIAL PAR18120000MAIRINQUE      SP0                                                       000                            
7480001300007P 010072300000000690083 202000054           11122ZZZ000000004   0209202000000000000249900000 03A220720201020920200000000000000250        000000000000000000000000000000000000000000000                         3001060090000000000 
7480001300008Q 011000034299859863RODRIGO DE OLIVEIRA TELECIO DA SILVA    RUA GASPAR SANCHES, 181                 RESIDENCIAL PAR18120000MAIRINQUE      SP0                                                       000                            
7480001300009P 010072300000000690083 202000070           11122ZZZ000000005   0409202000000000000059900000 03A220720201040920200000000000000060        000000000000000000000000000000000000000000000                         3001060090000000000 
7480001300010Q 011000034299859863RODRIGO DE OLIVEIRA TELECIO DA SILVA    RUA GASPAR SANCHES, 181                 RESIDENCIAL PAR18120000MAIRINQUE      SP0                                                       000                            
7480001300011P 010072300000000690083 202000011           11122ZZZ000000006   2009202000000000000112500000 03A220720201200920200000000000000110        000000000000000000000000000000000000000000000                         3001060090000000000 
7480001300012Q 011000034299859863RODRIGO DE OLIVEIRA TELECIO DA SILVA    RUA GASPAR SANCHES, 181                 RESIDENCIAL PAR18120000MAIRINQUE      SP0                                                       000                            
7480001300013P 010072300000000690083 202000020           11122ZZZ000000007   2509202000000000000549000000 03A220720201250920200000000000000550        000000000000000000000000000000000000000000000                         3001060090000000000 
7480001300014Q 011000034299859863RODRIGO DE OLIVEIRA TELECIO DA SILVA    RUA GASPAR SANCHES, 181                 RESIDENCIAL PAR18120000MAIRINQUE      SP0                                                       000                            
7480001300015P 010072300000000690083 202000062           11122ZZZ00000000801 0309202000000000001129000000 03A220720201030920200000000000001130        000000000000000000000000000000000000000000000                         3001060090000000000 
7480001300016Q 011000034299859863RODRIGO DE OLIVEIRA TELECIO DA SILVA    RUA GASPAR SANCHES, 181                 RESIDENCIAL PAR18120000MAIRINQUE      SP0                                                       000                            
7480001300017P 010072300000000690083 202000097           11122ZZZ00000000802 1009202000000000001129000000 03A220720201100920200000000000001130        000000000000000000000000000000000000000000000                         3001060090000000000 
7480001300018Q 011000034299859863RODRIGO DE OLIVEIRA TELECIO DA SILVA    RUA GASPAR SANCHES, 181                 RESIDENCIAL PAR18120000MAIRINQUE      SP0                                                       000                            
7480001300019P 010072300000000690083 202000100           11122ZZZ00000000803 1010202000000000001129000000 03A220720201101020200000000000001130        000000000000000000000000000000000000000000000                         3001060090000000000 
7480001300020Q 011000034299859863RODRIGO DE OLIVEIRA TELECIO DA SILVA    RUA GASPAR SANCHES, 181                 RESIDENCIAL PAR18120000MAIRINQUE      SP0                                                       000                            
74800015         00002200000000000000000000000000000000000000000000000000000000000000000000000000000000000000000000                                                                                                                             
74899999         000001000024000000                                                                                                                                                                                                             
