74800000         23555853600010126                  0723 069008       3 R E E DOIDAS POR SAPATILHAS EIBANCO SICREDI                           11508202013074100000308101600                                                                     
74800011R01  040 203555853600010126                  0723 00069008     3 R E E DOIDAS POR SAPATILHAS EI                                                                                000000031508202000000000                                 
7480001300001P 010723 00069008     3 0000000001          11122ZZZ000000001   0508202000000000000109000000 03A220720201050820200000000000000110        000000000000000000000000000000000000000000000                         3001060090000000000 
7480001300002Q 011034299859863   RODRIGO DE OLIVEIRA TELECIO DA SILVA    RUA GASPAR SANCHES, 181                 RESIDENCIAL PAR18120000MAIRINQUE      SP0000000000000000                                        000                             
7480001300003P 010723 00069008     3 0000000002          11122ZZZ000000002   0609202000000000000124900000 03A220720201060920200000000000000120        000000000000000000000000000000000000000000000                         3001060090000000000 
7480001300004Q 011034299859863   RODRIGO DE OLIVEIRA TELECIO DA SILVA    RUA GASPAR SANCHES, 181                 RESIDENCIAL PAR18120000MAIRINQUE      SP0000000000000000                                        000                             
7480001300005P 010723 00069008     3 0000000003          11122ZZZ000000003   0708202000000000000079900000 03A220720201070820200000000000000080        000000000000000000000000000000000000000000000                         3001060090000000000 
7480001300006Q 011034299859863   RODRIGO DE OLIVEIRA TELECIO DA SILVA    RUA GASPAR SANCHES, 181                 RESIDENCIAL PAR18120000MAIRINQUE      SP0000000000000000                                        000                             
7480001300007P 010723 00069008     3 0000000004          11122ZZZ000000004   1008202000000000000249900000 03A220720201100820200000000000000250        000000000000000000000000000000000000000000000                         3001060090000000000 
7480001300008Q 011034299859863   RODRIGO DE OLIVEIRA TELECIO DA SILVA    RUA GASPAR SANCHES, 181                 RESIDENCIAL PAR18120000MAIRINQUE      SP0000000000000000                                        000                             
7480001300009P 010723 00069008     3 0000000005          11122ZZZ000000005   1508202000000000000059900000 03A220720201150820200000000000000060        000000000000000000000000000000000000000000000                         3001060090000000000 
7480001300010Q 011034299859863   RODRIGO DE OLIVEIRA TELECIO DA SILVA    RUA GASPAR SANCHES, 181                 RESIDENCIAL PAR18120000MAIRINQUE      SP0000000000000000                                        000                             
7480001300011P 010723 00069008     3 0000000006          11122ZZZ000000006   2008202000000000000112500000 03A220720201200820200000000000000110        000000000000000000000000000000000000000000000                         3001060090000000000 
7480001300012Q 011034299859863   RODRIGO DE OLIVEIRA TELECIO DA SILVA    RUA GASPAR SANCHES, 181                 RESIDENCIAL PAR18120000MAIRINQUE      SP0000000000000000                                        000                             
7480001300013P 010723 00069008     3 0000000007          11122ZZZ000000007   2508202000000000000549000000 03A220720201250820200000000000000550        000000000000000000000000000000000000000000000                         3001060090000000000 
7480001300014Q 011034299859863   RODRIGO DE OLIVEIRA TELECIO DA SILVA    RUA GASPAR SANCHES, 181                 RESIDENCIAL PAR18120000MAIRINQUE      SP0000000000000000                                        000                             
7480001300015P 010723 00069008     3 0000000008          11122ZZZ00000000801 1008202000000000001129000000 03A220720201100820200000000000001130        000000000000000000000000000000000000000000000                         3001060090000000000 
7480001300016Q 011034299859863   RODRIGO DE OLIVEIRA TELECIO DA SILVA    RUA GASPAR SANCHES, 181                 RESIDENCIAL PAR18120000MAIRINQUE      SP0000000000000000                                        000                             
7480001300017P 010723 00069008     3 0000000009          11122ZZZ00000000802 1009202000000000001129000000 03A220720201100920200000000000001130        000000000000000000000000000000000000000000000                         3001060090000000000 
7480001300018Q 011034299859863   RODRIGO DE OLIVEIRA TELECIO DA SILVA    RUA GASPAR SANCHES, 181                 RESIDENCIAL PAR18120000MAIRINQUE      SP0000000000000000                                        000                             
7480001300019P 010723 00069008     3 0000000010          11122ZZZ00000000803 1010202000000000001129000000 03A220720201101020200000000000001130        000000000000000000000000000000000000000000000                         3001060090000000000 
7480001300020Q 011034299859863   RODRIGO DE OLIVEIRA TELECIO DA SILVA    RUA GASPAR SANCHES, 181                 RESIDENCIAL PAR18120000MAIRINQUE      SP0000000000000000                                        000                             
74800015         00002200000000000000000000000000000000000000000000000000000000000000000000000000000000000000000000                         
74899999         000001000013000000                                                                                                                                                                                                             
